@Book{Agresti02,
  author =	 {Alan Agresti},
  title =	 {Categorical Data Analysis},
  publisher =	 {John Wiley \& Sons},
  year =	 2002,
  edition =	 {2nd},
}

@Book{Agresti10,
  title =	 {Analysis of Ordinal Categorical Data},
  author =	 {Alan Agresti},
  publisher =	 {John Wiley \& Sons},
  year =	 2010,
  edition =	 {2nd},
  doi =		 {10.1002/9780470594001},
}

@Article{Alp13,
  author =	 {Aysun Alp},
  title =	 {Structural Shifts in Credit Rating Standards},
  volume =	 68,
  number =	 6,
  pages =	 {2435-2470},
  year =	 2013,
  journal =	 {The Journal of Finance},
  doi =		 {10.1111/jofi.12070},
}

@Article{BIOM:BIOM12414,
  author =	 {Nazanin Nooraee and Fentaw Abegaz and Johan Ormel
                  and Ernst Wit and Edwin R. {Van den Heuvel}},
  title =	 {An Approximate Marginal Logistic Distribution for
                  the Analysis of Longitudinal Ordinal Data},
  journal =	 {Biometrics},
  volume =	 72,
  number =	 1,
  pages =	 {253--261},
  year =	 2016,
  doi =		 {10.1111/biom.12414},
}

@InCollection{Bhat10,
  title =	 {A Comparison of the Maximum Simulated Likelihood and
                  Composite Marginal Likelihood Estimation Approaches
                  in the Context of the Multivariate Ordered-Response
                  Model},
  author =	 {Chandra R Bhat and Cristiano Varin and Nazneen
                  Ferdous},
  booktitle =	 {Maximum Simulated Likelihood Methods and
                  Applications},
  series =	 {Advances in Econometrics},
  editor =	 {Greene, W. and Carter Hill, R.},
  publisher =	 {Emerald Group Publishing Limited},
  volume =	 26,
  pages =	 {65--106},
  year =	 2010,
  doi =		 {10.1108/s0731-9053(2010)0000026007},
}

@Article{Blume98,
  author =	 {Marshall E. Blume and Felix Lim and A. Craig
                  Mackinlay},
  title =	 {The Declining Credit Quality of U.S. Corporate Debt:
                  Myth or Reality?},
  journal =	 {The Journal of Finance},
  volume =	 53,
  number =	 4,
  publisher =	 {Blackwell Publishers Inc.},
  pages =	 {1389--1413},
  year =	 1998,
  doi =		 {10.1111/0022-1082.00057},
}

@Article{Boes06,
  title =	 {Ordered Response Models},
  author =	 {Stefan Boes and Rainer Winkelmann},
  year =	 2006,
  journal =	 {AStA Advances in Statistical Analysis},
  volume =	 90,
  number =	 1,
  pages =	 {167-181},
  doi =		 {10.1007/s10182-006-0228-y},
}

@Article{DeYoreo2017,
  author =	 {Maria DeYoreo and Athanasios Kottas},
  title =	 {Bayesian Nonparametric Modeling for Multivariate
                  Ordinal Regression},
  journal =	 {Journal of Computational and Graphical Statistics},
  volume =	 27,
  number =	 1,
  pages =	 {71-84},
  year =	 2018,
  doi =		 {10.1080/10618600.2017.1316280},
}

@Book{Genz09,
  author =	 {Alan Genz and Frank Bretz},
  title =	 {Computation of Multivariate Normal and $t$~Probabilities},
  year =	 2009,
  publisher =	 {Springer-Verlag},
}

@Book{Hensher10,
  author =	 {William H. Greene and David A. Hensher},
  title =	 {Modeling Ordered Choices: A Primer},
  publisher =	 {Cambridge University Press},
  year =	 2010,
}

@Article{Hirk+Hornik+Vana:2018,
  author =	 {Rainer Hirk and Kurt Hornik and Laura Vana},
  title =	 {Multivariate Ordinal Regression Models: An Analysis
                  of Corporate Credit Ratings},
  journal =	 {Statistical Methods {\&} Applications},
  year =	 2019,
  volume =	 28,
  number =	 3,
  pages =	 {507-539},
  doi =		 {10.1007/s10260-018-00437-7},
}

@Article{Hoetker07,
  doi =		 {10.1002/smj.582},
  author =	 {Glenn Hoetker},
  journal =	 {Strategic Management Journal},
  number =	 4,
  pages =	 {331-343},
  publisher =	 {John Wiley \& Sons},
  title =	 {The Use of Logit and Probit Models in Strategic
                  Management Research: Critical Issues},
  volume =	 28,
  year =	 2007,
}

@Manual{JMP,
  title =	 {\pkg{JMP}, Version 14},
  author =	 {{\proglang{SAS} Institute Inc.}},
  address =	 {Cary},
  year =	 2018,
  url =		 {https://www.JMP.com},
}

@Article{Liu09,
  title =	 {Ordinal Regression Analysis: Fitting the
                  Proportional Odds Model Using \proglang{Stata},
                  \proglang{SAS} and \proglang{SPSS}},
  author =	 {Xing Liu},
  journal =	 {Journal of Modern Applied Statistical Methods},
  volume =	 8,
  number =	 2,
  pages =	 30,
  year =	 2009,
  doi =		 {10.22237/jmasm/1257035340}
}

@Book{MASSpkg,
  title =	 {Modern Applied Statistics with \proglang{S}},
  author =	 {W. N. Venables and B. D. Ripley},
  publisher =	 {Springer-Verlag},
  edition =	 {4th},
  address =	 {New York},
  year =	 2002,
  doi =		 {10.1007/978-0-387-21706-2},
}

@Article{MCMCpackpkg,
  title =	 {\pkg{MCMCpack}: Markov Chain Monte Carlo in
                  \proglang{R}},
  author =	 {Andrew D. Martin and Kevin M. Quinn and Jong Hee
                  Park},
  journal =	 {Journal of Statistical Software},
  year =	 2011,
  volume =	 42,
  number =	 9,
  pages =	 {1--21},
  doi =		 {10.18637/jss.v042.i09},
}

@Article{Mccullagh80,
  title =	 {Regression Models for Ordinal Data},
  author =	 {Peter McCullagh},
  journal =	 {Journal of the Royal Statistical Society B},
  pages =	 {109--142},
  number =	 2,
  volume =	 42,
  year =	 1980,
  publisher =	 {JSTOR},
  doi =		 {10.1111/j.2517-6161.1980.tb01109.x},
}

@Manual{PLordprob,
  title =	 {\pkg{PLordprob}: Multivariate Ordered Probit Model
                  via Pairwise Likelihood},
  author =	 {Euloge Clovis {Kenne Pagui} and Antonio Canale},
  year =	 2018,
  note =	 {\proglang{R} package version 1.1},
  url =		 {https://CRAN.R-project.org/package=PLordprob},
}

@Article{Pagui15,
  author =	 {Euloge Clovis {Kenne Pagui} and Antonio Canale},
  title =	 {Pairwise Likelihood Inference for Multivariate
                  Ordinal Responses with Applications to Customer
                  Satisfaction},
  journal =	 {Applied Stochastic Models in Business and Industry},
  volume =	 32,
  number =	 2,
  doi =		 {10.1002/asmb.2147},
  pages =	 {273--282},
  year =	 2016,
}

@Article{Peterson90,
  author =	 {Bercedis Peterson and Frank E. Harrell},
  journal =	 {Journal of the Royal Statistical Society C},
  number =	 2,
  pages =	 {205-217},
  publisher =	 {John Wiley \& Sons},
  title =	 {Partial Proportional Odds Models for Ordinal
                  Response Variables},
  volume =	 39,
  year =	 1990,
  doi =		 {10.2307/2347760},
}

@Article{Pinheiro96,
  author =	 {J C. Pinheiro and Douglas M. Bates},
  title =	 {Unconstrained Parametrizations for
                  Variance-Covariance Matrices},
  journal =	 {Statistics and Computing},
  year =	 1996,
  day =		 01,
  volume =	 6,
  number =	 3,
  pages =	 {289--296},
  doi =		 {10.1007/bf00140873},
}

@Manual{Python,
  title =	 {\proglang{Python} Language Reference, Version 2.7},
  author =	 {{\proglang{Python} Software Foundation}},
  address =	 {Wilmington},
  year =	 2018,
  url =		 {https://www.python.org/},
}

@Manual{RCoreTeam,
  title =	 {\proglang{R}: A Language and Environment for
                  Statistical Computing},
  author =	 {{\proglang{R} Core Team}},
  organization = {\proglang{R} Foundation for Statistical Computing},
  address =	 {Vienna, Austria},
  year =	 2020,
  url =		 {https://www.R-project.org/},
}

@Manual{SAS,
  title =	 {\proglang{SAS/STAT} Software, Version 9.4},
  author =	 {{\proglang{SAS} Institute Inc.}},
  organization = {\proglang{SAS} Institute Inc.},
  address =	 {Cary},
  year =	 2018,
  url =		 {http://www.sas.com/},
}

@Manual{SPSS,
  author =	 {{IBM Corporation}},
  title =	 {{IBM} \proglang{SPSS} Statistics~25},
  year =	 2017,
  organization = {IBM Corporation},
  address =	 {Armonk},
  url =		 {http://www.ibm.com/software/analytics/spss/}
}

@Article{Scott02,
  title =	 {An Activity-Episode Generation Model That Captures
                  Interactions between Household Heads: Development
                  and Empirical Analysis},
  journal =	 {Transportation Research Part B: Methodological},
  volume =	 36,
  number =	 10,
  pages =	 {875-896},
  year =	 2002,
  doi =		 {10.1016/s0191-2615(01)00039-x},
  author =	 {Darren M. Scott and Pavlos S. Kanaroglou},
}

@Manual{Stata,
  title =	 {\proglang{Stata} Statistical Software: Release 15},
  author =	 {{StataCorp.}},
  organization = {StataCorp LLC},
  address =	 {College Station},
  year =	 2018,
  url =		 {https://www.stata.com/},
}

@Book{Tutz12,
  title =	 {Regression for Categorical Data},
  author =	 {G. Tutz},
  publisher =	 {Cambridge University Press},
  year =	 2012,
}

@Article{VGAMpkg,
  title =	 {The \pkg{VGAM} Package for Categorical Data
                  Analysis},
  author =	 {Thomas W. Yee},
  journal =	 {Journal of Statistical Software},
  year =	 2010,
  volume =	 32,
  number =	 10,
  pages =	 {1--34},
  doi =		 {10.18637/jss.v032.i10},
}

@Article{Varin08,
  author =	 {Cristiano Varin},
  title =	 {On Composite Marginal Likelihoods},
  journal =	 {AStA Advances in Statistical Analysis},
  year =	 2008,
  volume =	 92,
  number =	 1,
  pages =	 {1--28},
  doi =		 {10.1007/s10182-008-0060-7},
}

@Article{Varin09,
  author =	 {C. Varin and C. Czado},
  title =	 {A Mixed Autoregressive Probit Model for Ordinal
                  Longitudinal Data},
  journal =	 {Biostatistics},
  volume =	 11,
  number =	 1,
  pages =	 {127-138},
  year =	 2010,
  doi =		 {10.1093/biostatistics/kxp042}
}

@Article{afonso2009,
  author =	 {A Afonso and Pedro Gomes and Philipp Rother},
  title =	 {Ordered Response Models for Sovereign Debt Ratings},
  journal =	 {Applied Economics Letters},
  volume =	 16,
  number =	 8,
  pages =	 {769-773},
  year =	 2009,
  doi =		 {10.1080/13504850701221931},
}

@Article{brmspkg,
  title =	 {\pkg{brms}: An \proglang{R} Package for Bayesian
                  Multilevel Models Using \proglang{Stan}},
  author =	 {Paul-Christian B{\"u}rkner},
  journal =	 {Journal of Statistical Software},
  year =	 2017,
  volume =	 80,
  number =	 1,
  pages =	 {1--28},
  doi =		 {10.18637/jss.v080.i01},
}

@Article{campbell2008search,
  title =	 {In Search of Distress Risk},
  author =	 {John Y. Campbell and Jens Hilscher and Jan Szilagyi},
  journal =	 {The Journal of Finance},
  volume =	 63,
  number =	 6,
  pages =	 {2899--2939},
  year =	 2008,
  publisher =	 {John Wiley \& Sons},
  doi =		 {10.1111/j.1540-6261.2008.01416.x}
}

@Book{fahrmeir2001multivariate,
  title =	 {Multivariate Statistical Modelling Based on
                  Generalized Linear Models},
  author =	 {Ludwig Fahrmeir and Gerhard Tutz},
  year =	 2001,
  edition =	 {2nd},
  publisher =	 {Springer-Verlag},
}

@Article{gumbel1961bivariate,
  author =	 {E. J. Gumbel},
  title =	 {Bivariate Logistic Distributions},
  journal =	 {Journal of the American Statistical Association},
  volume =	 56,
  number =	 294,
  pages =	 {335-349},
  year =	 1961,
  publisher =	 {Taylor \& Francis},
  doi =		 {10.1080/01621459.1961.10482117},
}

@Article{higham1988computing,
  title =	 {Computing a Nearest Symmetric Positive Semidefinite
                  Matrix},
  author =	 {Nicholas J Higham},
  journal =	 {Linear Algebra and Its Applications},
  volume =	 103,
  pages =	 {103--118},
  year =	 1988,
  publisher =	 {Elsevier},
  doi =		 {10.1016/0024-3795(88)90223-6},
}

@Article{malik1973multivariate,
  title =	 {Multivariate Logistic Distributions},
  author =	 {Henrick J. Malik and Bovas Abraham},
  journal =	 {The Annals of Statistics},
  volume =	 1,
  number =	 3,
  pages =	 {588--590},
  year =	 1973,
  doi =		 {10.1214/aos/1176342430}
}

@Manual{mixor,
  title =	 {\pkg{mixor}: Mixed-Effects Ordinal Regression
                  Analysis},
  author =	 {Donald Hedeker and Kellie J. Archer and Rachel
                  Nordgren and Robert D. Gibbons},
  year =	 2018,
  note =	 {\proglang{R} package version 1.0.4},
  url =		 {https://CRAN.R-project.org/package=mixor},
}

@PhdThesis{mordpkg,
  title =	 {{Feature Extraction and Supervised Learning on fMRI: From Practice to Theory}},
  author =	 {Fabian Pedregosa-Izquierdo},
  url =		 {https://tel.archives-ouvertes.fr/tel-01100921},
  school =	 {{Universit{\'e} Pierre et Marie Curie -- Paris VI}},
  year =	 2015,
}

@Manual{mvordpkg,
  title =	 {\pkg{mvord}: An \proglang{R} Package for Fitting
                  Multivariate Ordinal Regression Models},
  author =	 {Rainer Hirk and Kurt Hornik and Laura Vana},
  year =	 2020,
  note =	 {\proglang{R} package version 1.1.0},
  url =		 {https://CRAN.R-project.org/package=mvord},
}

@Manual{nlme,
  title =	 {\pkg{nlme}: Linear and Nonlinear Mixed Effects
                  Models},
  author =	 {Jose Pinheiro and Douglas Bates and {\proglang{R}
                  Core Team}},
  year =	 2020,
  note =	 {\proglang{R} package version 3.1-144},
  url =		 {https://CRAN.R-project.org/package=nlme},
}

@Article{o2004bayesian,
  author =	 {Sean M. O'Brien and David B. Dunson},
  title =	 {Bayesian Multivariate Logistic Regression},
  journal =	 {Biometrics},
  volume =	 60,
  number =	 3,
  publisher =	 {Blackwell Publishing},
  doi =		 {10.1111/j.0006-341x.2004.00224.x},
  pages =	 {739--746},
  year =	 2004,
}

@Manual{oglmx,
  title =	 {\pkg{oglmx}: Estimation of Ordered Generalized
                  Linear Models},
  author =	 {Nathan Carroll},
  year =	 2018,
  note =	 {\proglang{R} package version 3.0.0.0},
  url =		 {https://CRAN.R-project.org/package=oglmx},
}

@Article{optimx1,
  title =	 {Unifying Optimization Algorithms to Aid Software
                  System Users: \pkg{optimx} for \proglang{R}},
  author =	 {John C. Nash and Ravi Varadhan},
  journal =	 {Journal of Statistical Software},
  year =	 2011,
  volume =	 43,
  number =	 9,
  pages =	 {1--14},
  doi =		 {10.18637/jss.v043.i09},
}

@Article{optimx2,
  title =	 {On Best Practice Optimization Methods in
                  \proglang{R}},
  author =	 {John C. Nash},
  journal =	 {Journal of Statistical Software},
  year =	 2014,
  volume =	 60,
  number =	 2,
  pages =	 {1--14},
  doi =		 {10.18637/jss.v060.i02},
}

@Manual{ordinal,
  title =	 {Cumulative Link Models for Ordinal Regression with
                  the \proglang{R} Package \pkg{ordinal}},
  author =	 {Rune H. B. Christensen},
  year =	 2019,
  note =	 {\proglang{R} package vignette version 2019.12-10},
  url =		 {https://CRAN.R-project.org/package=ordinal},
}

@Manual{ordinalNetpkg,
  title =	 {\pkg{ordinalNet}: Penalized Ordinal Regression},
  author =	 {Michael Wurm and Paul Rathouz and Bret Hanlon},
  year =	 2017,
  note =	 {\proglang{R} package version 2.1},
  url =		 {https://CRAN.R-project.org/package=ordinalNet},
}

@Misc{ordinalR,
  title =	 {\pkg{ordinal}: Regression Models for Ordinal Data},
  author =	 {Rune H. B. Christensen},
  year =	 2019,
  note =	 {\proglang{R} package version 2019.12-10},
  url =		 {https://CRAN.R-project.org/package=ordinal},
}

@Article{ordinalgmifs,
  title =	 {\pkg{ordinalgmifs}: An \proglang{R} Package for
                  Ordinal Regression in High-Dimensional Data
                  Settings},
  author =	 {Kellie J. Archer and Jiayi Hou and Qing Zhou and
                  Kyle Ferber and John G. Layne and Amanda Elswick
                  Gentry},
  journal =	 {Cancer Informatics},
  year =	 2014,
  volume =	 13,
  pages =	 {187-195},
  doi =		 {10.4137/cin.s20806},
}

@Manual{pbivnorm,
  title =	 {\pkg{pbivnorm}: Vectorized Bivariate Normal CDF},
  author =	 {Alan Genz and Brenton Kenkel},
  year =	 2015,
  note =	 {\proglang{R} package version 0.6.0},
  url =		 {https://CRAN.R-project.org/package=pbivnorm},
}

@Manual{polycor,
  title =	 {\pkg{polycor}: Polychoric and Polyserial
                  Correlations},
  author =	 {John Fox},
  year =	 2019,
  note =	 {\proglang{R} package version 0.7-10},
  url =		 {https://CRAN.R-project.org/package=polycor},
}

@Article{reusens2017sovereign,
  title =	 {Sovereign Credit Rating Determinants: A Comparison
                  before and after the European Debt Crisis},
  author =	 {Peter Reusens and Christophe Croux},
  journal =	 {Journal of Banking \& Finance},
  volume =	 77,
  pages =	 {108--121},
  year =	 2017,
  publisher =	 {Elsevier},
  doi =		 {10.1016/j.jbankfin.2017.01.006},
}

@Manual{rmspkg,
  title =	 {\pkg{rms}: Regression Modeling Strategies},
  author =	 {Frank E {Harrell Jr}},
  year =	 2019,
  note =	 {\proglang{R} package version 5.1-4},
  url =		 {https://CRAN.R-project.org/package=rms},
}

@TechReport{sp,
  author =	 {Mark Puccia and Lucy A. Collett and Peter Kernan and
                  Andrew D. Palmer and Mark S. Mettrick and Guy
                  Deslondes},
  institution =	 {Standard and Poor's Rating Services},
  title =	 {Request for Comment: Corporate Criteria},
  year =	 2013,
  day =		 30,
}

@Article{varin2005note,
  title =	 {A Note on Composite Likelihood Inference and Model
                  Selection},
  author =	 {Cristiano Varin and Paolo Vidoni},
  journal =	 {Biometrika},
  volume =	 92,
  number =	 3,
  pages =	 {519--528},
  year =	 2005,
  doi =		 {10.1093/biomet/92.3.519}
}

@Article{varin_overview,
  author =	 {Cristiano Varin and Nancy Reid and David Firth},
  journal =	 {Statistica Sinica},
  number =	 1,
  pages =	 {5-42},
  publisher =	 {Institute of Statistical Science, Academia Sinica},
  title =	 {An Overview of Composite Likelihood Methods},
  volume =	 21,
  year =	 2011,
}

@Article{mvord_JSS,
    title = {{mvord}: An {R} Package for Fitting Multivariate Ordinal Regression Models},
    author = {Rainer Hirk and Kurt Hornik and Laura Vana},
    journal = {Journal of Statistical Software},
    year = {2020},
    volume = {93},
    number = {4},
    pages = {1--41},
    doi = {10.18637/jss.v093.i04},
  }

@Article{Bartolucci14,
    title = {{LMest}: An {R} Package for Latent Markov Models for Longitudinal Categorical Data},
    author = {Francesco Bartolucci and Silvia Pandolfi and Fulvia Pennoni},
    journal = {Journal of Statistical Software},
    year = {2017},
    volume = {81},
    number = {4},
    pages = {1--38},
    doi = {10.18637/jss.v081.i04},
  }

@book{johnson1999ordinal,
  title={Ordinal Data Modeling},
series = {Statistics for Social Science and Public Policy},
  author={Johnson, Valen E and Albert, J},
  year={1999},
  publisher={Springer-Verlag New York Incorporated}
}
